@manual{1,
  author = {TU Dortmund},
  title = {Anleitung zum Versuch 504: Thermische Elektronenemission},
  year = 2018,
  url = "http://129.217.224.2/HOMEPAGE/MEDPHYS/BACHELOR/AP/SKRIPT/V504.pdf"
}
