@manual{1,
  author = {TU Dortmund},
  title = {Anleitung zu US2: Scanverfahren in der Ultraschalltechnik},
  year = 2018
}

@manual{2,
  author = {Quanteronic},
  title = {Dichte, Schallgeschwindigkeit transversal und longitudinal, akust.Impedanz},
  url = {http://www.flowanalytic.com/schall.pdf},
  urldate = {2018-05-18}
}

@manual{3,
  author = {Prof. Dr. Heinrich Dirks},
  title = {Sonographie},
  url = {http://www.fbmn.h-da.de/~dirks/uploads/Main/Sonographie.pdf},
  urldate = {2018-05-18}
}
