@manual{1,
  author = {TU Dortmund},
  title = {Anleitung zu US2: Scanverfahren in der Ultraschalltechnik},
  year = 2018
}
