@manual{1,
  author = {TU Dortmund},
  title = {Anleitung zum Versuch 501: Ablenkung eines Elektronenstrahls im elektrischen Feld},
  year = 2018,
  url = "http://129.217.224.2/HOMEPAGE/MEDPHYS/BACHELOR/AP/SKRIPT/V501.pdf"
}

@manual{2,
  author = {TU Dortmund},
  title = {Anleitung zum Versuch 502: Ablenkung eines Elektronenstrahls im transversalen Magnetfeld},
  year = 2018,
  url = "http://129.217.224.2/HOMEPAGE/MEDPHYS/BACHELOR/AP/SKRIPT/V502.pdf"
}


@manual{3,
  author = {Helmholtz Centre Potsdam},
  title = {IGRF Declination Calculator},
  year = 2018,
  url = "http://isdc.gfz-potsdam.de/geomagnetism/igrf-declination-calculator/"
}
