@manual{1,
  author = {TU Dortmund},
  title = {Anleitung zum Versuch 602: RÃ¶ntgenemission und -absorption},
  year = 2018
}

@manual{2,
  author = {National Nuclear Data Center},
  title = {Chart of Nuclides},
  url = "http://www.nndc.bnl.gov/chart/",
  urldate = "2018-04-29"
  }
