@manual{1,
  author = {TU Dortmund},
  title = {Anleitung zum Versuch 703: Das Geiger-Müller-Zählrohr},
  year = 2018,
  url = "http://129.217.224.2/HOMEPAGE/MEDPHYS/BACHELOR/AP/SKRIPT/V703.pdf"
}

@book{2,
  author = {Claus Grupen},
  title = {Grundkurs Strahlenschutz},
  subtitle = {Praxiswissen für den Umgang mit radioaktiven Stoffen},
  publisher = {Springer-Verlag Berlin Heidelberg},
  edition = {3},
  year = {2008}
}
