@manual{1,
  author = {TU Dortmund},
  title = {Anleitung zum Versuch 701: Die Reichweite von Alpha-Strahlung},
  year = 2018,
  url = "http://129.217.224.2/HOMEPAGE/MEDPHYS/BACHELOR/AP/SKRIPT/Alpha.pdf"
}
