@manual{1,
  author = {TU Dortmund},
  title = {Anleitung zum Versuch 601: Der Frank-Hertz-Versuch},
  year = 2018
}

@manual{2,
  title = {Franck-Hertz Messwerte f√ºr Quecksilber},
  url = "http://hydrogen.physik.uni-wuppertal.de/hyperphysics/hyperphysics/hbase/FrHz.html#FHd",
  urldate = "2018-04-11"
  }
