@manual{1,
  author = {TU Dortmund},
  title = {Anleitung zum Versuch 402: Dispersionsmessung am Glasprisma},
  year = 2018,
  url = "http://129.217.224.2/HOMEPAGE/MEDPHYS/BACHELOR/AP/SKRIPT/V402.pdf"
}


@online{2,
  author = {LEIFIphysik},
  title = {Elektromagnetisches Spektrum - Ultraviolett},
  date = {2018-06-11},
  url =
{"https://www.leifiphysik.de/optik/elektromagnetisches-spektrum/ultraviolett"}
}
