@manual{1,
  author = {TU Dortmund},
  title = {Anleitung zum Versuch 401: Das Michelson-Interferometer},
  year = 2018,
  url = "http://129.217.224.2/HOMEPAGE/MEDPHYS/BACHELOR/AP/SKRIPT/V401.pdf"
}

@manual{2,
  title = {Brechzahl},
  publisher  = {Spektrum Akademischer Verlag, Heidelberg},
  url = "https://www.spektrum.de/lexikon/physik/brechzahl/1958",
  urldate = {2018-06-15}
}
