@manual{1,
  author = {TU Dortmund},
  title = {Anleitung zum Versuch 602: RÃ¶ntgenemission und -absorption},
  year = 2018
}
